@Book{xie2015,
  title = {Dynamic Documents with {R} and knitr},
  author = {Yihui Xie},
  publisher = {Chapman and Hall/CRC},
  address = {Boca Raton, Florida},
  year = {2015},
  edition = {2nd},
  note = {ISBN 978-1498716963},
  url = {http://yihui.org/knitr/},
}

@book{Hall1989,
author = {Hall, Edward Twitchell},
edition = {Anchor Boo},
publisher = {Anchor Books},
series = {Anchor books},
title = {{Beyond culture}},
year = {1989}
}

@book{Hofstedeetal2010,
author = {Hofstede, G and Hofstede, G J and Minkov, M},
edition = {Third Edit},
isbn = {9780071770156},
pages = {576},
publisher = {McGraw-Hill Education},
title = {{Cultures and Organizations: Software of the Mind}},
year = {2010}
}

@book{Oguma2019,
author = {小熊, 英二},
number = {2528},
publisher = {講談社},
series = {講談社現代新書},
title = {日本社会のしくみ : 雇用・教育・福祉の歴史社会学},
year = {2019}
}
